@inproceedings{efficientSDMM,
      author = {Wu, Tao and Yan, Di and Liu, Ying and Gao, Yang},
      year = {2017},
      month = {10},
      pages = {1880-1883},
      title = {An efficient sparse-dense matrix multiplication on a multicore system},
      doi = {10.1109/ICCT.2017.8359956}
}

@misc{liu2015csr5,
      title={CSR5: An Efficient Storage Format for Cross-Platform Sparse Matrix-Vector Multiplication}, 
      author={Weifeng Liu and Brian Vinter},
      year={2015},
      eprint={1503.05032},
      archivePrefix={arXiv},
      primaryClass={cs.MS}
}

@book{anton14,
  added-at = {2016-05-31T10:53:16.000+0200},
  author = {Anton, Howard and Rorres, Chris},
  biburl = {https://www.bibsonomy.org/bibtex/23d125adef6e8701a7dce93bdc817f3bc/ytyoun},
  edition = {Eleventh},
  interhash = {661a46a89feed199e73bf45361ebae37},
  intrahash = {3d125adef6e8701a7dce93bdc817f3bc},
  isbn = {9781118434413 1118434412 9781118474228 1118474228},
  keywords = {linear.algebra matrix textbook},
  publisher = {Wiley},
  refid = {856647689},
  timestamp = {2016-05-31T13:03:34.000+0200},
  title = {Elementary Linear Algebra: Applications Version},
  year = 2014
}

@book{saad03:IMS,
  added-at = {2017-06-29T07:13:07.000+0200},
  author = {Saad, Yousef},
  biburl = {https://www.bibsonomy.org/bibtex/29e582a0b82e58d7516f3b855c7e733de/gdmcbain},
  citeulike-article-id = {2442451},
  citeulike-attachment-1 = {saad_03_iterative_1002913.pdf; /pdf/user/gdmcbain/article/2442451/1002913/saad_03_iterative_1002913.pdf; 7d97ed119ac7b401a6caf799ef8bb75d7362a99c},
  citeulike-attachment-2 = {saad_03_iterative_1002912.pdf; /pdf/user/gdmcbain/article/2442451/1002912/saad_03_iterative_1002912.pdf; 9c0c5e148e9091fadc60c8e3e4ab2d1a4af31a76},
  citeulike-linkout-0 = {http://www-users.cs.umn.edu/\~{}saad/IterMethBook\_2ndEd.pdf},
  citeulike-linkout-1 = {http://dx.doi.org/10.1137/1.9780898718003},
  comment = {(private-note)cited by Benzi, Golub, \& Liesen (2005, p. 46, Section 8) for the Arrow-Hurwicz method},
  doi = {10.1137/1.9780898718003},
  edition = {Second},
  interhash = {c88e77e3ace202e51fd598c55fe34077},
  intrahash = {9e582a0b82e58d7516f3b855c7e733de},
  isbn = {978-0-89871-534-7},
  keywords = {65f08-preconditioners-fors-iterative-methods 65f10-iterative-methods-for-linear-systems 65f50-sparse-matrices},
  posted-at = {2008-02-28 10:11:19},
  priority = {2},
  publisher = {SIAM},
  series = {Other Titles in Applied Mathematics},
  timestamp = {2019-04-16T05:54:53.000+0200},
  title = {{Iterative Methods for Sparse Linear Systems}},
  year = 2003
}

@misc{ openmp18,
    author = {{OpenMP Architecture Review Board}},
    title = {{OpenMP} Application Program Interface Version 5.0},
    month = november,
    year = 2018,
    url = {https://www.openmp.org/wp-content/uploads/OpenMP-API-Specification-5.0.pdf}
}
